<?xml version="1.0" encoding="UTF-8"?><collection xmlns="http://www.loc.gov/MARC21/slim"><record><leader>00420nam--2200133-i-4500</leader><controlfield tag="001">000040102</controlfield><controlfield tag="002">20161230</controlfield><controlfield tag="005">20161230201042</controlfield><controlfield tag="008">060222s1000------------r-----000-0-eng-d</controlfield><datafield ind1=" " ind2=" " tag="080"><subfield code="a">548.7(043)</subfield></datafield><datafield ind1=" " ind2=" " tag="100"><subfield code="a">Saint-gregoire,Pierre</subfield></datafield><datafield ind1=" " ind2=" " tag="245"><subfield code="a">Phases incommensurables dans les cristaux isolants du type abx4:etude des properties statiques. these</subfield></datafield><datafield ind1=" " ind2=" " tag="260"><subfield code="a">Languedoc, Univ.Pierre Et Techniques, 1985. 241 P</subfield></datafield><datafield ind1=" " ind2=" " tag="852"><subfield code="a">74043</subfield></datafield></record></collection>